@article{lecun1998mnist,
  title={Gradient-based learning applied to document recognition},
  author={LeCun, Yann and Bottou, L{\'e}on and Bengio, Yoshua and Haffner, Patrick},
  journal={Proceedings of the IEEE},
  volume={86},
  number={11},
  pages={2278--2324},
  year={1998},
  publisher={IEEE}
}

@article{pineau2021improving,
  title={Improving reproducibility in machine learning research: A report from the NeurIPS 2019 reproducibility program},
  author={Pineau, Joelle and Vincent-Lamarre, Philippe and Sinha, Koustuv and Lariv{\'i}{\`e}re, Vincent and Beygelzimer, Alina and d'Alch{\'e}-Buc, Florence and Fox, Emily and Larochelle, Hugo},
  journal={Journal of Machine Learning Research},
  volume={22},
  pages={1--20},
  year={2021}
}

@inproceedings{gundersen2018state,
  title={State of the art: Reproducibility in artificial intelligence},
  author={Gundersen, Odd Erik and Kjensmo, Sigbjørn},
  booktitle={Proceedings of the AAAI Conference on Artificial Intelligence},
  volume={32},
  number={1},
  year={2018}
}

@misc{paperswithcode,
  author = {Papers With Code},
  title = {Papers With Code},
  howpublished = {\url{https://paperswithcode.com/}},
  year = {2023},
  note = {Accessed: 2023-12-01}
}

@inproceedings{zaharia2018accelerating,
  title={Accelerating the machine learning lifecycle with MLflow},
  author={Zaharia, Matei and Chen, Andrew and Davidson, Aaron and Ghodsi, Ali and Hong, Sue Ann and Konwinski, Andy and Murching, Siddharth and Nykodym, Tomas and Ogilvie, Paul and Parkhe, Mani and others},
  booktitle={2018 IEEE International Conference on Data Mining Workshops (ICDMW)},
  pages={1--1},
  year={2018},
  organization={IEEE}
}

@misc{kuprieiev2021dvc,
  title={DVC: Data Version Control - Git for Data \& Models},
  author={Kuprieiev, Ruslan and Petrov, Dmitry and Pachhai, Saugat and Redzyński, Paweł and Schepanovski, Aleksei and others},
  howpublished = {\url{https://dvc.org}},
  year={2021}
}
